
@BOOK{shipTheory,
  author = {Я. И. Воткунский},
  title = {Справочник по теории корабля},
  volume = 3,
  year = {1985},
  publisher = {Ленинград. Судостроение},
  language = {russian}
}

@ONLINE{
Coupler,
title={СА-3},
url= {https://ru.wikipedia.org/wiki/СА-3}
}