
@BOOK{shipTheory,
  author = {Я. И. Воткунский},
  title = {Справочник по теории корабля},
  volume = 3,
  year = {1985},
  publisher = {Ленинград. Судостроение},
  language = {russian}
}

@inbook{shipTheoryPar38,
  crossref = {shipTheory},
  chapter= {Гидродинамический подсчёт подруливающих устройств на швартовном режиме работы},
}

@inbook{shipTheoryPar39,
  crossref = {shipTheory},
  chapter= {Влияние скорости судна на тяговые характеристики подруливающих устройств},
}

@inbook{shipTheory222,
  pages = {222},
  crossref = {shipTheoryPar38}
}

@inbook{shipTheory223,
  pages = {223},
  crossref = {shipTheoryPar38}
}

@inbook{shipTheory224,
  pages = {224},
  crossref = {shipTheoryPar38}
}

@inbook{shipTheory225,
  pages = {225},
  crossref = {shipTheoryPar38}
}

@inbook{shipTheory226,
  pages = {226},
  crossref = {shipTheoryPar38}
}

@inbook{shipTheory230,
  pages = {230},
  crossref = {shipTheoryPar39}
}